@book{laudon&laudon,
  author = {LAUDON, KENNETH C. and LAUDON, JANE P},
  year = {2016},
  title = {{SISTEMAS DE INFORMACION GERENCIAL - Decimocuarta edición}},
  publisher = {PEARSON EDUCACIÓN},
}

@online{redhat_arquitectura,
  author = {{Red Hat}},
  title = {{¿Qué es una arquitectura de aplicaciones?}},
  year = {Recuperado el 20 de septiembre de 2023},
  url = {https://www.redhat.com/es/topics/cloud-native-apps/what-is-an-application-architecture},
}

@online{microservices,
  author = {{Richardson, C}},
  title = {{What are microservices?}},
  year = {Recuperado el 20 de septiembre de 2023},
  url = {https://microservices.io/},
}

@ARTICLE{survey_observability,
  author={Usman, Muhammad and Ferlin, Simone and Brunstrom, Anna and Taheri, Javid},
  journal={IEEE Access}, 
  title={A Survey on Observability of Distributed Edge \& Container-Based Microservices}, 
  year={2022},
  volume={10},
  number={},
  pages={86904-86919},
  doi={10.1109/ACCESS.2022.3193102}}

@online{microsoft_docker,
  author = {{Docker}},
  title = {{What is a container?}},
  year = {Recuperado el 20 de septiembre de 2023},
  url = {https://www.docker.com/resources/what-container/},
}

@online{telemetry,
  author = {{Barney, N.}},
  title = {{What is telemetry and how does it work?}},
  year = {2022, diciembre 1},
  url = {https://kubernetes.io/es/docs/concepts/workloads/controllers/replicaset/},
}

@online{native_cloud,
  author = {{Google}},
  title = {{¿Qué es la nube nativa?}},
  year = {Recuperado el 20 de septiembre de 2023},
  url = {https://cloud.google.com/learn/what-is-cloud-native},
}

@online{devops,
  author = {{Red Hat}},
  title = {{El concepto de DevOps}},
  year = {Recuperado el 20 de septiembre de 2023},
  url = {https://www.redhat.com/es/topics/devops},
}

@online{APIRESTful,
  author = {{Amazon}},
  title = {{¿Qué es una API de RESTful?}},
  year = {Recuperado el 20 de septiembre de 2023},
  url = {https://aws.amazon.com/es/what-is/restful-api/},
}

@ARTICLE{cost-profiling,
  author={Sjouke de Vries and Blaaw, Frank and Andrikopoulos, Vasilios},
  journal={Future Internet}, 
  title={Cost-Profiling Microservice Applications Using an APM Stack}, 
  year={2023},
  volume={15},
  number={37},
  pages={},
  doi={10.3390/fi15010037}}
